<record><leader>00000cas a22000007a 4500</leader><controlfield tag="001">12604495</controlfield><controlfield tag="008">850926u18uuuuuualuwr ne      0    0eng d</controlfield><datafield ind1=" " ind2=" " tag="010"><subfield code="a">sn 85044990 </subfield></datafield><datafield ind1=" " ind2=" " tag="040"><subfield code="a">ALM</subfield><subfield code="b">eng</subfield><subfield code="c">ALM</subfield><subfield code="d">CPN</subfield><subfield code="d">OCL</subfield><subfield code="d">OCLCQ</subfield></datafield><datafield ind1=" " ind2=" " tag="042"><subfield code="a">msc</subfield></datafield><datafield ind1="0" ind2="4" tag="245"><subfield code="a">The Baptist correspondent.</subfield></datafield><datafield ind1="1" ind2="3" tag="246"><subfield code="a">Correspondent</subfield></datafield><datafield ind1=" " ind2=" " tag="260"><subfield code="a">Marion, Ala. :</subfield><subfield code="b">W.C. Buck</subfield></datafield><datafield ind1=" " ind2=" " tag="300"><subfield code="a">v.</subfield></datafield><datafield ind1=" " ind2=" " tag="310"><subfield code="a">Weekly</subfield></datafield><datafield ind1=" " ind2=" " tag="500"><subfield code="a">Editor: W.C. Buck.</subfield></datafield><datafield ind1=" " ind2=" " tag="588"><subfield code="a">Description based on: Vol. 1, no. 35 (Sept. 5, 1860).</subfield></datafield><datafield ind1="1" ind2=" " tag="700"><subfield code="a">Buck, W. C.</subfield></datafield><datafield ind1=" " ind2=" " tag="752"><subfield code="a">United States</subfield><subfield code="b">Alabama</subfield><subfield code="c">Perry</subfield><subfield code="d">Marion.</subfield></datafield><datafield ind1="1" ind2=" " tag="029"><subfield code="a">AU@</subfield><subfield code="b">000022103328</subfield></datafield></record>